<record><leader>00000cas a2200000 a 4500</leader><controlfield tag="001">5151054</controlfield><controlfield tag="008">790709d19711975dcumr ne      0    0eng c</controlfield><datafield ind1=" " ind2=" " tag="010"><subfield code="a">sn 92021226 </subfield></datafield><datafield ind1=" " ind2=" " tag="040"><subfield code="a">CLU</subfield><subfield code="b">eng</subfield><subfield code="c">CLU</subfield><subfield code="d">EYM</subfield><subfield code="d">DLC</subfield><subfield code="d">CNW</subfield><subfield code="d">DCN</subfield><subfield code="d">CVF</subfield><subfield code="d">OCL</subfield><subfield code="d">OCLCQ</subfield><subfield code="d">OCLCF</subfield></datafield><datafield ind1=" " ind2=" " tag="012"><subfield code="i">9208</subfield></datafield><datafield ind1=" " ind2=" " tag="019"><subfield code="a">903058107</subfield></datafield><datafield ind1="1" ind2=" " tag="029"><subfield code="a">AU@</subfield><subfield code="b">000001518161</subfield></datafield><datafield ind1=" " ind2=" " tag="042"><subfield code="a">pcc</subfield></datafield><datafield ind1=" " ind2=" " tag="043"><subfield code="a">f------</subfield></datafield><datafield ind1=" " ind2="4" tag="050"><subfield code="a">DT1</subfield><subfield code="b">.A238</subfield></datafield><datafield ind1="0" ind2=" " tag="130"><subfield code="a">African world (Greensboro, N.C.)</subfield></datafield><datafield ind1="1" ind2="0" tag="245"><subfield code="a">African world.</subfield></datafield><datafield ind1=" " ind2=" " tag="260"><subfield code="a">Greensboro, N.C. :</subfield><subfield code="b">Student Organization for Black Unity,</subfield><subfield code="c">1971-</subfield></datafield><datafield ind1=" " ind2=" " tag="300"><subfield code="a">4 v.</subfield></datafield><datafield ind1=" " ind2=" " tag="310"><subfield code="a">Monthly,</subfield><subfield code="b">Sept. 1973-&lt;Sept. 1975&gt;</subfield></datafield><datafield ind1=" " ind2=" " tag="321"><subfield code="a">Biweekly,</subfield><subfield code="b">Aug. 1971-Aug. 1973</subfield></datafield><datafield ind1="0" ind2=" " tag="362"><subfield code="a">Vol. 1, no. 21 (Aug. 7, 1971)-</subfield></datafield><datafield ind1="1" ind2=" " tag="362"><subfield code="a">Ceased in 1975?</subfield></datafield><datafield ind1=" " ind2=" " tag="500"><subfield code="a">Published in: Greensboro, N.C., 1971-1974; Washington, D.C., &lt;1975-&gt;</subfield></datafield><datafield ind1=" " ind2=" " tag="550"><subfield code="a">Issued by: Student Organization for Black Unity, Aug. 7, 1971-Aug. 5, 1972; Youth Organization for Black Unity, Aug. 19, 1972-May 1975; February First Movement, July 1975-&lt;Sept. 1975&gt;</subfield></datafield><datafield ind1=" " ind2=" " tag="588"><subfield code="a">Latest issue consulted: Vol. 4, no. 12 (Sept. 1975).</subfield></datafield><datafield ind1=" " ind2="0" tag="650"><subfield code="a">Blacks</subfield><subfield code="v">Newspapers.</subfield></datafield><datafield ind1=" " ind2="0" tag="651"><subfield code="a">Africa</subfield><subfield code="v">Newspapers.</subfield></datafield><datafield ind1=" " ind2="0" tag="650"><subfield code="a">African Americans</subfield><subfield code="v">Newspapers.</subfield></datafield><datafield ind1=" " ind2="7" tag="655"><subfield code="a">Newspapers.</subfield><subfield code="2">fast</subfield><subfield code="0">(OCoLC)fst01423814</subfield></datafield><datafield ind1=" " ind2="7" tag="650"><subfield code="a">African Americans.</subfield><subfield code="2">fast</subfield><subfield code="0">(OCoLC)fst00799558</subfield></datafield><datafield ind1=" " ind2="7" tag="650"><subfield code="a">Blacks.</subfield><subfield code="2">fast</subfield><subfield code="0">(OCoLC)fst00833880</subfield></datafield><datafield ind1=" " ind2="7" tag="651"><subfield code="a">Africa.</subfield><subfield code="2">fast</subfield><subfield code="0">(OCoLC)fst01239509</subfield></datafield><datafield ind1="2" ind2=" " tag="710"><subfield code="a">Student Organization for Black Unity.</subfield></datafield><datafield ind1="2" ind2=" " tag="710"><subfield code="a">Youth Organization for Black Unity.</subfield></datafield><datafield ind1="2" ind2=" " tag="710"><subfield code="a">February First Movement.</subfield></datafield><datafield ind1=" " ind2=" " tag="752"><subfield code="a">United States</subfield><subfield code="b">North Carolina</subfield><subfield code="c">Guilford</subfield><subfield code="d">Greensboro.</subfield></datafield><datafield ind1="0" ind2="0" tag="780"><subfield code="a">Student Organization for Black Unity.</subfield><subfield code="t">SOBU newsletter</subfield><subfield code="w">(DLC)   75646281</subfield><subfield code="w">(OC0LC)2169725</subfield></datafield><datafield ind1=" " ind2=" " tag="850"><subfield code="a">MiU</subfield></datafield></record>